<record><leader>00000cas a22000007a 4500</leader><controlfield tag="001">1645827</controlfield><controlfield tag="008">750921c18809999mnuwr ne      0    0eng d</controlfield><datafield ind1=" " ind2=" " tag="010"><subfield code="a">sn 83016547 </subfield></datafield><datafield ind1=" " ind2=" " tag="040"><subfield code="a">MUL</subfield><subfield code="b">eng</subfield><subfield code="c">MUL</subfield><subfield code="d">DLC</subfield><subfield code="d">MN#</subfield><subfield code="d">OCL</subfield><subfield code="d">OCLCQ</subfield><subfield code="d">OCLCF</subfield><subfield code="d">OCLCO</subfield></datafield><datafield ind1="1" ind2=" " tag="029"><subfield code="a">AU@</subfield><subfield code="b">000025838347</subfield></datafield><datafield ind1=" " ind2=" " tag="042"><subfield code="a">msc</subfield></datafield><datafield ind1=" " ind2=" " tag="043"><subfield code="a">n-us-mn</subfield></datafield><datafield ind1="0" ind2="0" tag="050"><subfield code="a">Newspaper 7002</subfield></datafield><datafield ind1=" " ind2=" " tag="052"><subfield code="a">4144</subfield><subfield code="b">H9</subfield></datafield><datafield ind1=" " ind2=" " tag="052"><subfield code="a">4143</subfield><subfield code="b">M2</subfield></datafield><datafield ind1="0" ind2=" " tag="130"><subfield code="a">Hutchinson leader (Hutchinson, Minn.)</subfield></datafield><datafield ind1="1" ind2="0" tag="245"><subfield code="a">Hutchinson leader.</subfield></datafield><datafield ind1=" " ind2=" " tag="260"><subfield code="a">Hutchinson, Minn. :</subfield><subfield code="b">Cal. P. Smith</subfield></datafield><datafield ind1=" " ind2=" " tag="300"><subfield code="a">v.</subfield></datafield><datafield ind1=" " ind2=" " tag="310"><subfield code="a">Semiweekly,</subfield><subfield code="b">Aug. 12, 1958-</subfield></datafield><datafield ind1=" " ind2=" " tag="321"><subfield code="a">Weekly,</subfield><subfield code="b">&lt;Jan. 4, 1883&gt;-Aug. 7, 1958</subfield></datafield><datafield ind1="1" ind2=" " tag="362"><subfield code="a">Began with July 17, 1880, issue.</subfield><subfield code="z">Cf. Gregory, Amer. newspapers.</subfield></datafield><datafield ind1=" " ind2=" " tag="530"><subfield code="a">Available on microfilm from the Minnesota Historical Society.</subfield></datafield><datafield ind1=" " ind2=" " tag="588"><subfield code="a">Description based on: Vol. 3, no. 19 (Jan. 4, 1883).</subfield></datafield><datafield ind1=" " ind2="0" tag="651"><subfield code="a">Hutchinson (Minn.)</subfield><subfield code="v">Newspapers.</subfield></datafield><datafield ind1=" " ind2="7" tag="655"><subfield code="a">Newspapers.</subfield><subfield code="2">fast</subfield><subfield code="0">(OCoLC)fst01423814</subfield></datafield><datafield ind1=" " ind2="7" tag="651"><subfield code="a">Minnesota</subfield><subfield code="z">Hutchinson.</subfield><subfield code="2">fast</subfield><subfield code="0">(OCoLC)fst01220215</subfield></datafield><datafield ind1=" " ind2=" " tag="752"><subfield code="a">United States</subfield><subfield code="b">Minnesota</subfield><subfield code="c">McLeod</subfield><subfield code="d">Hutchinson.</subfield></datafield><datafield ind1="0" ind2="5" tag="780"><subfield code="t">Hutchinson press</subfield><subfield code="w">(DLC)sn 89064600</subfield></datafield><datafield ind1="0" ind2="5" tag="780"><subfield code="t">Hutchinson banner</subfield><subfield code="w">(DLC)sn 89064599</subfield></datafield></record>